@article{fuzz1990,
  title={An empirical study of the reliability of UNIX utilities},
  author={Miller, B. P. and Fredriksen, L. and So, B.},
  journal={Communications of the ACM},
  volume={33},
  number={12},
  pages={32--44},
  year={1990},
  publisher={ACM},
}

@article{fuzz1995,
  title={Fuzz revisited: A re-examination of the reliability of UNIX utilities and services},
  author={Miller, B. P. and Koski, D. and Lee, C. P. and Maganty, V. and Murthy, R. and Natarajan, A. and Steidl, J.},
  year={1995},
  institution={University of Wisconsin-Madison Department of Computer Sciences},
}

@article{fuzz2000,
  title={An empirical study of the robustness of Windows NT applications using random testing},
  author={Forrester, J. E. and Miller, B. P.},
  journal={Proceedings of the 4th USENIX Windows System Symposium},
  volume={4},
  pages={59--68},
  year={2000},
  organization={Seattle},
}

@article{fuzz2006,
  title={An empirical study of the robustness of macos applications using random testing},
  author={Miller, B. P. and Cooksey, G. and Moore, F.},
  journal={Proceedings of the 1st international workshop on Random testing},
  pages={46--54},
  year={2006},
  organization={ACM},
}

@misc{Xv6page,
  Title={Xv6, a simple Unix-like teaching operating system},
  author={Cox, R. and Kaashoek, F. and Morris, R.},
  year={2019},
  note = {\url{https://pdos.csail.mit.edu/6.828/2012/xv6.html}},
}

@misc{Xv6manual,
  Title={xv6 a simple, Unix-like teaching operating system},
  author={Cox, R. and Kaashoek, F. and Morris, R.},
  year={2014},
  note = {\url{https://pdos.csail.mit.edu/6.828/2014/xv6/book-rev8.pdf}},
}

@misc{KILL(2),
  Title={Linux Programmer's Mannual},
  year={2019},
  note = {\url{http://man7.org/linux/man-pages/man2/kill.2.html}},
}

@misc{FreeBSDDevManual,
  Title={FreeBSD Developers' Handbook},
  author={The FreeBSD Documentation Project},
  year={2019},
  note = {\url{https://www.freebsd.org/doc/en_US.ISO8859-1/books/developers-handbook/}},
}

